@ARTICLE{Figueredo:2009dg,
   author = {Figueredo, A.~J. and Wolf, P. S.~A.},
   title = {Assortative pairing and life history strategy - a cross-cultural study.},
   journal = {Human Nature},
   volume = {20},
   pages = {317-330},
   year = {2009}
}

@ARTICLE{ATLASHiggsDiscovery,
   author = {ATLAS Collaboration},
   title = {"{Observation} of a new particle in the search for the {Standard Model Higgs boson} with the {ATLAS} detector at the {LHC}"},
   journal = {Phys. Lett. B 716 (2012) 1}
}

@ARTICLE{CMSHiggsDiscovery,
   author = {CMS Collaboration},
   title = {"{Observation} of a new boson at a mass of 125 GeV with the {CMS} experiment at the {LHC}"},
   journal = {Phys. Lett. B 716 (2012) 30}
}

@Article{StandardModel,
   author = {P.W Higgs},
   title = {"{Broken Symmetries} and the {Masses} of {Gauge Bosons}"},
   journal = {Phys. Rev. Lett. 13},
   pages = {508-509},
   year = {1964}
}

@Article{2HDM,
   author = {G.C. Branco et al.},
   title = {"{Theory} and phenomenology of {two-Higgs-doublet} models"},
   journal = {Phys. Rep. 516},
   year = {2012} 
}

@Article{HcTotb,
   author = {The CMS Collaboration},
   title = {"{Search} for a charged {Higgs} boson decaying into top and bottom quarks in proton-proton collisions at $\sqrt{s}$ = 13 {TeV} in events with electrons and muons"},
   journal = {JHEP 01},
   year = {2020}
}

@Article{HcTocs,
   author = {The CMS Collaboration},
   title = {"{Search} for a light charged {Higgs} boson in the {$H^\pm \rightarrow cs$} channel in proton-proton collisions at $\sqrt{s}$ = 13 {TeV}"},
   journal = {Phys. Rev. D 102, 072001},
   year = {2020}
}

@Article{HcTotaunu,
   author = {The ATLAS Collaboration},
   title = {"{Search} for charged {Higgs} bosons decaying via {$H^\pm \rightarrow \tau^\pm \nu_\tau$} in the $\tau$+lepton final states with 36 $fb^-1$ of $pp$ collision data recorded at $\sqrt{s}$ = 13 {TeV} with {ATLAS} experiment"},
   journal = {JHEP 09},
   year = {2018}
}

@Article{BosonicDecay,
   author = {A. Arhrib, R. Benbrik, S. Moretti},
   title = {"{Bosonic} decays of charged {Higgs} bosons in a {2HDM} type-1"},
   journal = {Eur. Phys. J. C. 77},
   year = {2017}
}

@Article{HcToWASearch,
   author = {Prasenjit Sanyal},
   title = {"{Limits} on the {Charged Higgs Parameters} in the {Two Higgs Doublet Model} using {CMS} $\sqrt{s}$ = 13 {TeV} {Results}"},
   journal = {Eur. Phys. J. C79},
   year = {2019}
}

@Article{DELPHISearch,
   author = {DELPHI Collaboration},
   title = {"{Search} for charged {Higgs} bosons at {LEP} in general two {Higgs} doublet models"},
   journal = {Eur. Phys. J. C. 34},
   year = {2004}
}

@Article{OPALSearch,
   author = {OPAL Collaboration},
   title = {"{Search} for charged {Higgs} bosons in $e^+e^-$ collisions at $\sqrt{s}$ = 189-209 {GeV}"},
   journal = {Eur. Phys. J. C 72},
   year = {2012}
}

@Article{CDFSearch,
   author = {CDF Collaboration},
   title = {"{Search} for a very light {CP}-odd {Higgs} boson in top quark decays from $p\bar{p}$ collisions at $\sqrt{s}$ = 1.96 {TeV}"},
   journal = {Phys. Rev. Lett. 107},
   year = {2011}
}

@Article{PreviousSearch,
   author = {CMS Collaboration},
   title = {"{Search} for a light charged {Higgs} boson decaying to a {W} boson and a {CP-odd} {Higgs} boson in final states with $e\mu\mu$ or $\mu\mu\mu$ in proton-proton collisions at $\sqrt{s}$ = 13 {TeV}"},
   journal = {Phys. Rev. Lett. 123, 131802},
   year = {2019}
}

@Article{Detector,
   author = {CMS Collaboration},
   title = {"{The} {CMS} experiment at the {CERN LHC}"},
   journal = {JINST 3 (2008) S08004}
}

@Article{Trigger,
   author = {CMS Collaboration},
   title = {"{The CMS} trigger system"},
   journal = {JINST 12 (2017) P01020}
}

@Article{Madgraph,
   author = {Olivier Mattelaer et al.},
   title = {"{Madgraph} 5: {Going Beyond}"},
   journal = {Journal of High Energy Physics 128 (2011)}
}

@Article{Powheg,
   author = {Carlo Oleari},
   title = {"{The POWHEG-BOX}"},
   journal = {Nucl. Phys. Proc. Suppl. 205-206:46-41 (2010)}
}

@Article{Geant4,
   author = {GEANT4 Collaboration},
   title = {"{GEANT4-a simulation toolkit}"},
   journal = {Nucl. Instrum. Methods Phys. Res. Sect. A 506 (2003) 250}
}

@Article{ParticleFlow,
   author = {CMS Collaboration},
   title = {"{Particle-flow reconstruction and global event description with the CMS detector}"},
   journal = {JINST 12 (2017) P10003}
}

@Atricle{Electron,
   author = {CMS Collaboration},
   title = {"{Performance of electron reconstruction and selection with the CMS detector in proton-proton collisions at $\sqrt{s}$ = 8TeV}"},
   journal = {Journal of Instrumentation, Volume 10 (2015)}

}

@Article{Muon,
   author = {CMS Collaboration},
   title = {"{Performance of the CMS muon detector and muon reconstruction with proton-proton collisions at $\sqrt{s}$ = 13 TeV}"},
   journal = {JINST 13 (2018) P06015}
}

@Article{AntiKT,
   author = {M. Cacciari et al.},
   title = {"{The anti-$k_T$ jet clustering algorithm}"},
   journal = {JHEP 04 (2008) 063}
}

@Article{DeepJet,
   author = {Emil Bols et al.},
   title = {"{Jet Flavour Classification Using DeepJet}"},
   journal = {JINST 15 (2020) P12012}
}

@Article{GNN,
   author = {Zonghan Wu et al.},
   title = {"{A Comprehensive Survey on Graph Neural Networks}"},
   journal = {IEEE Transactions on Neural Networks and Learning Systems, vol. 32, no. 1, pp. 4-24 (2021)}
}

@Article{ParticleNet,
   author = {Huilin Qu, Loukas Gouskos},
   title = {"{ParticleNet: Jet Tagging via Particle Clouds}"},
   journal = {Phys. Rev. D 101, 056019 (2020)}
}

@Article{limit,
   author = {A. L. Read},
   title = {"{Presentation of search results: $CL_s$ technique}"},
   journal = {J. Phys. G 28 (2002) 2693}
}
